=LDR  01501cam a22004335i 4500
=001  020725026
=003  Uk
=005  20221118221230.0
=008  220607s2022\\\\enka\\\\\b\\\\001\0\eng\d
=FMT  \\$a  BK
=020  \\$a9781529420241$q(pbk.) :
=020  \\$a9781529420258 (ePub ebook)
=020  \\$z1529420245$q(paperback)
=040  \\$aUk$beng$dUk$dUk
=082  04$a659.132$223
=100  1\$aLingwood, Gyles,$eauthor.
=245  10$aCopywriting :$bsuccessful writing for design, advertising and marketing.
=250  \\$aThird edition /$bGyles Lingwood, Mark Shaw.
=264  \1$aLondon :$bLaurence King Publishing,$c2022.
=300  \\$a1 online resource (346 p.)
=336  \\$atext$2rdacontent
=337  \\$acomputer$2rdamedia
=338  \\$aonline resource$2rdacarrier
=650  \0$aAdvertising copy.
=690  7\$aManagement and Business Studies$2blcoll
=700  1\$aShaw, Mark,$d1965-$eauthor.
=859  \\$aELD$bebook
=852  11$aBritish Library$bSTI$k(B)$h658.132
=852  \\$aBritish Library$bHMNTS$cDRT$jELD.DS.719392
=CAT  \\$aBATCH-EBKE$b00$c20221013$lBLL01$h0208
=CAT  \\$aEBKS-FXD$c20221013$lBLL01$h0212
=CAT  \\$aBATCH$b00$c20221013$lBLL01$h0213
=CAT  \\$a11131$b40$c20221020$lBLL01$h1114
=CAT  \\$aBATCH-016$c20221026$lBLL01$h2159
=CAT  \\$a8874$b40$c20221031$lBLL01$h0855
=CAT  \\$a11405$b40$c20221109$lBLL01$h1228
=CAT  \\$aBATCH-MBS$c20221118$lBLL01$h2212
=FIN  \\$aY$d20221109
=LAS  \\$aBATCH-MBS$b00$c20221118$lBLL01$h2212

